@book{ecsource,
	author = {Al Cuoco},
	year = {2005},
	title = {\textcolor{red}{Mathematical Connections}},
	subtitle = {A Companion for Teachers and Others},
	publisher = {MAA Press}
}
